/home/solrex/documents/paper/2_wsn/wsn.bib