% This file was created with JabRef 2.6b3.
% Encoding: GBK

@ARTICLE{Al-Osh1987,
  author = {Al-Osh, M. A. and Alzaid, A. A.},
  title = {First-order Integer-valued Autoregressive {(INAR(1))} Process},
  journal = {Journal of Time Series Analysis},
  year = {1987},
  volume = {8},
  pages = {261--275},
  number = {3},
  url = {http://dx.doi.org/10.1111/j.1467-9892.1987.tb00438.x}
}

@BOOK{Duffie2001,
  title = {Dynamic Asset Pricing Theory},
  publisher = {Princeton University Press},
  year = {2001},
  author = {Darrell Duffie},
  edition = {3rd},
}

@PHDTHESIS{Freeland1998,
  author = {Freeland, R.K.},
  title = {Statistical analysis of discrete time series with applications to
	the analysis of workers compensation claims data},
  school = {University of British Columbia, Canada},
  year = {1998},
}

@ARTICLE{Xu2007,
  author = {{徐亮} and {周影辉} and {韦博成}},
  title = {基于~MM~算法的~LAD~回归的影响分析},
  journal = {高校应用数学学报~A~辑},
  year = {2007},
  pages = {48--58},
  number = {1},
}

@ARTICLE{Wang1999,
  author = {{王立洪} and {王金德}},
  title = {时间序列模型~L1-估计量的极限分布:平稳自回归模型},
  journal = {数学学报},
  year = {1999},
  pages = {},
  volume = {42},
  number = {5},
  owner = {solrex},
  timestamp = {2010.04.16}
}